% Copyright (c) Lars Niedorf, Jan Path 2018
%
% This work is licensed under the Creative Commons Attribution-ShareAlike 4.0
% International License. To view a copy of this license, visit
% http://creativecommons.org/licenses/by-sa/4.0/ or send a letter to Creative
% Commons, PO Box 1866, Mountain View, CA 94042, USA.

@book{
auslander_reiten_smalo_1995,
place={Cambridge},
series={Cambridge Studies in Advanced Mathematics},
title={Representation Theory of Artin Algebras},
DOI={10.1017/CBO9780511623608},
publisher={Cambridge University Press},
author={Auslander, Maurice and Reiten, Idun and Smalo, Sverre O.},
year={1995},
collection={Cambridge Studies in Advanced Mathematics},
number={36}
}

@book{assem_skowronski_simson_2006,
place={Cambridge},
series={London Mathematical Society Student Texts},
title={Elements of the Representation Theory of Associative Algebras: Techniques of Representation Theory},
volume={1},
DOI={10.1017/CBO9780511614309},
publisher={Cambridge University Press},
author={Assem, Ibrahim and Skowronski, Andrzej and Simson, Daniel},
year={2006},
collection={London Mathematical Society Student Texts},
number={65}
}

@book{benson_1991,
place={Cambridge},
series={Cambridge Studies in Advanced Mathematics},
title={Representations and Cohomology},
volume={1},
DOI={10.1017/CBO9780511623615},
publisher={Cambridge University Press},
author={Benson, D. J.},
year={1991},
collection={Cambridge Studies in Advanced Mathematics},
number={30}
}
